<record><leader>00000cas a22000007a 4500</leader><controlfield tag="001">11245319</controlfield><controlfield tag="008">841009d18571865nyuwr ne      0    0eng d</controlfield><datafield ind1=" " ind2=" " tag="010"><subfield code="a">sn 84031837 </subfield></datafield><datafield ind1=" " ind2=" " tag="040"><subfield code="a">NYG</subfield><subfield code="b">eng</subfield><subfield code="c">NYG</subfield><subfield code="d">NPX</subfield><subfield code="d">NYS</subfield><subfield code="d">OCL</subfield><subfield code="d">OCLCQ</subfield><subfield code="d">OCLCF</subfield><subfield code="d">OCLCO</subfield></datafield><datafield ind1="1" ind2=" " tag="029"><subfield code="a">AU@</subfield><subfield code="b">000020232590</subfield></datafield><datafield ind1=" " ind2=" " tag="042"><subfield code="a">msc</subfield></datafield><datafield ind1=" " ind2=" " tag="043"><subfield code="a">n-us-ny</subfield></datafield><datafield ind1="0" ind2="4" tag="245"><subfield code="a">The Fort Edward ledger.</subfield></datafield><datafield ind1=" " ind2=" " tag="260"><subfield code="a">Fort Edward, N.Y. :</subfield><subfield code="b">H.T. Blanchard</subfield></datafield><datafield ind1=" " ind2=" " tag="300"><subfield code="a">v. :</subfield><subfield code="b">ill. ;</subfield><subfield code="c">60 cm.</subfield></datafield><datafield ind1=" " ind2=" " tag="310"><subfield code="a">Weekly</subfield></datafield><datafield ind1="1" ind2=" " tag="362"><subfield code="a">Began in 1857.</subfield><subfield code="z">Cf. Gregory, W. Amer. newspapers.</subfield></datafield><datafield ind1="1" ind2=" " tag="362"><subfield code="a">Ceased in 1865.</subfield></datafield><datafield ind1=" " ind2=" " tag="500"><subfield code="a">Publishers: H.T. Blanchard, &lt;1857&gt;; William A. Kolley, &lt;1860&gt;; C.B. Conant, &lt;1863&gt;; Francis H. Harris &amp; Edwin P. Ray, &lt;1863&gt;; Francis H. Harris, &lt;1864&gt;.</subfield></datafield><datafield ind1=" " ind2=" " tag="500"><subfield code="a">Editors: Francis H. Harris, &lt;1863-1864&gt;; Edwin P. Ray, &lt;1863&gt;.</subfield></datafield><datafield ind1=" " ind2=" " tag="588"><subfield code="a">Description based on: Vol. 4, no. 3 (Dec. 25, 1857).</subfield></datafield><datafield ind1=" " ind2="0" tag="651"><subfield code="a">Fort Edward (N.Y.)</subfield><subfield code="v">Newspapers.</subfield></datafield><datafield ind1=" " ind2="7" tag="655"><subfield code="a">Newspapers.</subfield><subfield code="2">fast</subfield><subfield code="0">(OCoLC)fst01423814</subfield></datafield><datafield ind1=" " ind2="7" tag="651"><subfield code="a">New York (State)</subfield><subfield code="z">Fort Edward.</subfield><subfield code="2">fast</subfield><subfield code="0">(OCoLC)fst01229279</subfield></datafield><datafield ind1=" " ind2=" " tag="752"><subfield code="a">United States</subfield><subfield code="b">New York</subfield><subfield code="c">Washington</subfield><subfield code="d">Fort Edward.</subfield></datafield><datafield ind1="0" ind2="0" tag="780"><subfield code="t">Public ledger (Fort Edward, N.Y.)</subfield><subfield code="w">(DLC)sn 84031358</subfield></datafield><datafield ind1="0" ind2="0" tag="785"><subfield code="t">Local observer (Fort Edward, N.Y.)</subfield><subfield code="w">(DLC)sn 84031353</subfield></datafield></record>